@article{article:janssen2012benefits,
  title={Benefits, adoption barriers and myths of open data and open government},
  author={Janssen, Marijn and Charalabidis, Yannis and Zuiderwijk, Anneke},
  journal={Information Systems Management},
  volume={29},
  number={4},
  pages={258--268},
  year={2012},
  publisher={Taylor \& Francis}
}

@techreport{report:jacobs-i-2004--a,
  author = {Jacobs, Ian and Walsh, Norman},
  institution = {W3C},
  month = {15 dec},
  note = {http://www.w3.org/TR/2004/REC-webarch-20041215/},
  title = {Architecture of the {W}orld {W}ide {W}eb, {V}olume {O}ne},
  type = {W3C:rec},
  url = {http://www.w3.org/TR/2004/REC-webarch-20041215/},
  year = 2004
}

@article{artivle:bernerslee-t-2006-1,
  author = {Berners-Lee, Tim},
  journal = {W3C},
  number = {09/20},
  publisher = {ACM Press},
  title = {Linked Data - Design Issues},
  url = {http://www.w3.org/DesignIssues/LinkedData.html},
  year = 2006
}
